<?xml version="1.0" encoding="UTF-8"?><collection xmlns="http://www.loc.gov/MARC21/slim"><record><leader>00380nam--2200121-i-4500</leader><controlfield tag="001">000021888</controlfield><controlfield tag="002">20161230</controlfield><controlfield tag="005">20161230201034</controlfield><controlfield tag="008">060222s1000------------r-----000-0-eng-d</controlfield><datafield ind1=" " ind2=" " tag="100"><subfield code="a">Gillion, Edgar</subfield></datafield><datafield ind1=" " ind2=" " tag="245"><subfield code="a">L`electronique et ses applications.telecommunications.electronique industrielle.deuxieme edition</subfield></datafield><datafield ind1=" " ind2=" " tag="260"><subfield code="a">Louvain,Librairie Universitaire, 1959. Viii+370p</subfield></datafield><datafield ind1=" " ind2=" " tag="852"><subfield code="a">15976</subfield></datafield></record></collection>